@book{Ackley.function,
 author = {Ackley, David H.},
 title = {A connectionist machine for genetic hillclimbing},
 year = {1987},
 isbn = {0-89838-236-X},
 publisher = {Kluwer Academic Publishers},
 address = {Norwell, MA, USA},
 }

@inproceedings{Allen.selheur,
    author = {John A. Allen and Steven Minton},
    title = {Selecting the Right Heuristic Algorithm: Runtime Performance Predictors},
    booktitle = {Advances in Artificial The Eleventh Biennial Conference of the Canadian Society for Computational Studies of Intelligence},
    year = {1996},
    pages = {41--53},
    publisher = {Springer-Verlag}
}


@article{Auer.ucb,
 author = {Auer, Peter and Cesa-Bianchi, Nicol\`{o} and Fischer, Paul},
 title = {Finite-time Analysis of the Multiarmed Bandit Problem},
 journal = {Mach. Learn.},
 volume = {47},
 issue = {2-3},
 month = {May},
 year = {2002},
 issn = {0885-6125},
 pages = {235--256},
 numpages = {22},
 acmid = {599677},
 publisher = {Kluwer Academic Publishers},
 address = {Hingham, MA, USA},
 keywords = {adaptive allocation rules, bandit problems, finite horizon regret},
}

@inproceedings{Bessiere.macheur,
  author    = {Christian Bessi{\`e}re and
               Jean-Charles R{\'e}gin},
  title     = {{MA}C and Combined Heuristics: Two Reasons to Forsake {FC} (and
               {CBJ}?) on Hard Problems},
  booktitle = {CP},
  year      = {1996},
  pages     = {61-75}
}


@inproceedings{Barnoy.ctp,
 author = {Bar-{N}oy, Amotz and Schieber, Baruch},
 title = {The Canadian Traveller Problem},
 booktitle = {{SODA} '91: Proc. of the 2nd annual {ACM-SIAM} symposium on Discrete Algorithms},
 year = {1991},
 isbn = {0-89791-376-0},
 pages = {261--270},
 location = {San Francisco, California, United States},
 publisher = {Society for Industrial and Applied Mathematics},
 address = {Philadelphia, PA, USA},
 }

@inproceedings{BilgicGetoor.voila,
  author = {Mustafa Bilgic and Lise Getoor},
  booktitle = {AAAI},
  pages = {1225--1230},
  publisher = {AAAI Press},
  title = {{VOILA:} Efficient Feature-value Acquisition for Classification.},
  year = {2007},
  isbn = {978-1-57735-323-2},
  date = {2007-09-05}
}

@book{Bishop.learning,
  address = {New York, NY, USA},
  author = {Bishop, Christopher M.},
  isbn = {0-387-31073-8},
  keywords = {allpurpose},
  posted-at = {2009-05-10 15:35:42},
  priority = {2},
  publisher = {Springer Science+Business Media, LLC},
  title = {Pattern Recognition and Machine Learning},
  url = {http://www.ulb.tu-darmstadt.de/tocs/198320841.pdf},
  year = {2007}
}


@inproceedings{Bnaya.sensing,
 author = {Bnaya, Zahy and Felner, Ariel and Shimony, Solomon Eyal},
 title = {Canadian traveler problem with remote sensing},
 booktitle = {Proc. of IJCAI},
 year = {2009},
 pages = {437--442},
 location = {Pasadena, California, USA},
 publisher = {Morgan Kaufmann Publishers Inc.},
 address = {San Francisco, CA, USA},
 }

@techreport{Boussemart.benchmarks,
    author = {Fr\'ed\'eric Boussemart and Fred Hemery and Christophe Lecoutre},
    title = {Description and representation of the problems selected for the first international constraint satisfaction solver competition},
    institution = {Proc. of CPAI'05 workshop},
    pages = {7--26},
    year = {2005}
}

@inproceedings{Boussemart.generator,
 author = {Xu, Ke and Boussemart, Fr\'ed\'eric and Hemery, Fred and Lecoutre, Christophe},
 title = {A simple model to generate hard satisfiable instances},
 booktitle = {Proc. of IJCAI},
 year = {2005},
 location = {Edinburgh, Scotland},
 pages = {337--342},
 numpages = {6},
 acmid = {1642347},
 publisher = {Morgan Kaufmann Publishers Inc.},
 address = {San Francisco, CA, USA},
}

@inproceedings{Boyen.hidden,
    author = {Xavier Boyen and Nir Friedman and Daphne Koller},
    title = {Discovering the Hidden Structure of Complex Dynamic Systems},
    booktitle = {Uncertainty in Artificial Intelligence},
    year = {1999},
    pages = {91--100},
    publisher = {}
}

@article{Bubeck.pure,
  author    = {S{\'e}bastien Bubeck and
               R{\'e}mi Munos and
               Gilles Stoltz},
  title     = {Pure exploration in finitely-armed and continuous-armed
               bandits},
  journal   = {Theor. Comput. Sci.},
  volume    = {412},
  number    = {19},
  year      = {2011},
  pages     = {1832-1852},
  ee        = {http://dx.doi.org/10.1016/j.tcs.2010.12.059},
  bibsource = {DBLP, http://dblp.uni-trier.de}
}

@article{Bulitko.dynamiccontrol,
 author = {Bulitko, Vadim and Lu\v{s}trek, Mitja and Schaeffer, Jonathan and Bj\"{o}rnsson, Yngvi and Sigmundarson, Sverrir},
 title = {Dynamic control in real-time heuristic search},
 journal = {J. Artif. Int. Res.},
 volume = {32},
 number = {1},
 year = {2008},
 issn = {1076-9757},
 pages = {419--452},
 publisher = {AI Access Foundation},
 address = {USA},
 }

@inproceedings{CaramanisMannor.bayesian,
  author = {C. Caramanis,, C. and Mannor,, S.},
  title = {A Bayesian Approach to Data-Driven Optimization Under Uncertainty},
  booktitle = {Allerton Conference on Communication, Control, and Computing},
  year = {2007},
}

@book{Challoux.ocaml,
  author={Emmanuel Challoux and Pascal Manoury and Bruno Pagano},
  title={Developing Applications With Objective Caml},
  year={2000},
  publisher={O'Reilly France}
}

@techreport{Chickering.learningbayesian,
    author = {David Maxwell Chickering and David Heckerman and Christopher Meek and David Madigan},
    title = {Learning Bayesian networks is {NP}-hard},
    institution = {},
    year = {1994}
}

@inproceedings{Cowell.inference,
 author = {Cowell, Robert},
 title = {Advanced inference in Bayesian networks},
 booktitle = {Proceedings of the {NATO} Advanced Study Institute on Learning in graphical models},
 year = {1998},
 pages = {27--49},
 location = {Erice, Italy},
 publisher = {Kluwer Academic Publishers},
 address = {Norwell, MA, USA},
 }

@article{Dechter.cspheur,
 author = {Rina Dechter and Judea Pearl},
 title = {Network-based heuristics for constraint-satisfaction problems},
 journal = {Artif. Intell.},
 volume = {34},
 issue = {1},
 month = {December},
 year = {1987},
 issn = {0004-3702},
 pages = {1--38},
 numpages = {38},
 publisher = {Elsevier Science Publishers Ltd.},
 address = {Essex, UK},
} 

@inproceedings{Karpas.maxornot,
  author    = {Carmel Domshlak and
               Erez Karpas and
               Shaul Markovitch},
  title     = {To Max or Not to Max: Online Learning for Speeding Up Optimal
               Planning},
  booktitle = {AAAI},
  year      = {2010},
  ee        = {http://www.aaai.org/ocs/index.php/AAAI/AAAI10/paper/view/1629},
}

@book{Eiben.evolcomp,
    author = {Eiben, A. E. and Smith, J. E.},
    day = {07},
    howpublished = {Hardcover},
    isbn = {3540401849},
    keywords = {evolutionary-computation, ga-theory, genetic-algorithms},
    month = {October},
    posted-at = {2007-01-19 19:36:40},
    priority = {0},
    publisher = {Springer},
    title = {Introduction to Evolutionary Computing (Natural Computing Series)},
    year = {2008}
}

@article{Epstein.spatial,
 author = {Epstein, Susan L. and Gelfand, Jack and Lock, Esther},
 title = {Learning Game-Specific Spatially-Oriented Heuristics},
 journal = {Constraints},
 volume = {3},
 number = {2/3},
 year = {1998},
 issn = {1383-7133},
 pages = {239--253},
 doi = {http://dx.doi.org/10.1023/A:1009734028965},
 publisher = {Kluwer Academic Publishers},
 address = {Hingham, MA, USA},
 }

@inproceedings{Eyerich.ctp,
    author = {Patrick Eyerich and Thomas Keller and Malte Helmert and Albert-ludwigs-universität Freiburg},
    title = {High-quality policies for the Canadian travelers problem},
    booktitle = {In Proc. AAAI 2010},
    year = {2010},
    pages = {51--58}
}


@article {FreyJojic.inference,
	author = {Frey, Brendan J. and Jojic, Nebojsa},
	journal = {IEEE Transactions on Pattern Analysis and Machine Intelligence},
	keywords = {message, passing},
	number = {9},
	pages = {1392--1416},
	posted-at = {2009-04-23 12:09:26},
	priority = {2},
	publisher = {IEEE Computer Society},
	title = {A Comparison of Algorithms for Inference and Learning in Probabilistic Graphical Models},
	url = {http://dx.doi.org/10.1109/TPAMI.2005.169},
	volume = {27},
	year = {2005}
}

@inproceedings{Friedman.sparsecandidate,
    author = {Nir Friedman and Iftach Nachman and Dana Peér},
    title = {Learning Bayesian Network Structure from Massive Datasets: The ``Sparse Candidate'' Algorithm},
    booktitle = {},
    year = {1999},
    pages = {206--215}
}

@inproceedings{Geelen.promise,
 author = {Geelen, Pieter Andreas},
 title = {Dual viewpoint heuristics for binary constraint satisfaction problems},
 booktitle = {Proc. 10th European Conf. on AI},
 series = {ECAI '92},
 year = {1992},
 isbn = {0-471-93608-1},
 location = {Vienna, Austria},
 pages = {31--35},
 numpages = {5},
 publisher = {John Wiley \& Sons, Inc.},
 address = {New York, NY, USA},
}

@article{Gent.generator,
  author    = {Ian P. Gent and
               Ewan MacIntyre and
               Patrick Prosser and
               Barbara M. Smith and
               Toby Walsh},
  title     = {Random Constraint Satisfaction: Flaws and Structure},
  journal   = {Constraints},
  volume    = {6},
  number    = {4},
  year      = {2001},
  pages     = {345-372},
  bibsource = {DBLP, http://dblp.uni-trier.de}
}


@inproceedings{Goldenberg.sparsedata,
    author = {Anna Goldenberg and Andrew Moore},
  title     = {Tractable learning of large {B}ayes net structures from sparse
               data},
  booktitle = {ICML},
  year      = {2004},
  isbn = {1-58113-828-5},
  pages = {44--51},
  location = {Banff, Alberta, Canada},
  doi = {http://doi.acm.org/10.1145/1015330.1015406},
  publisher = {ACM},
  address = {New York, NY, USA},
 }


@inproceedings{Gomes.solcount,
    author = {Carla P. Gomes and Willem-jan Van Hoeve and Ashish Sabharwal and Bart Selman},
    title = {Counting {CSP} solutions using generalized {XOR} constraints},
    booktitle = {AAAI},
    year = {2007},
    pages={204--209},
}

@article{Gomes.portfolio,
  author    = {Carla P. Gomes and
               Bart Selman},
  title     = {Algorithm portfolios},
  journal   = {Artif. Intell.},
  volume    = {126},
  number    = {1--2},
  year      = {2001},
  pages     = {43--62},
  ee        = {http://dx.doi.org/10.1016/S0004-3702(00)00081-3},
  bibsource = {DBLP, http://dblp.uni-trier.de}
}


@inproceedings{GramacyLee.treegp,
    author = {Robert B. Gramacy and Herbert K. H. Lee and William G. Macready},
    title = {Parameter space exploration with Gaussian process trees},
    booktitle = {Proceedings of the International Conference on Machine Learning (pp. 353–360). Omnipress \& ACM Digital Library},
    year = {2004},
    pages = {353--360}
}

@article{Hagerup.chernoff,
 author = {Hagerup, Torben and R\"{u}b, C.},
 title = {A guided tour of {C}hernoff bounds},
 journal = {Inf. Process. Lett.},
 volume = {33},
 issue = {6},
 month = {February},
 year = {1990},
 issn = {0020-0190},
 pages = {305--308},
 numpages = {4},
 publisher = {Elsevier North-Holland, Inc.},
 address = {Amsterdam, The Netherlands, The Netherlands},
} 

@inproceedings{HansenPOMDP,
  author    = {Eric A. Hansen},
  title     = {Indefinite-Horizon POMDPs with Action-Based Termination},
  booktitle = {AAAI},
  year      = {2007},
  pages     = {1237-1242},
}

@article{Heckerman.nonmyopic,
  author = {Heckerman,, D. and Horvitz,, E. and Middleton,, B.},
  title = {An Approximate Nonmyopic Computation for Value of Information},
  journal = {IEEE Trans. Pattern Anal. Mach. Intell.},
  year = {1993},
  volume = {15},
  number = {3},
  issn = {0162-8828},
  pages = {292--298},
  publisher = {IEEE Computer Society},
  address = {Washington, DC, USA},
}

@inproceedings{Heckerman.tutorial,
 author = {Heckerman, David},
 title = {A tutorial on learning with Bayesian networks},
 booktitle = {Proceedings of the {NATO} Advanced Study Institute on Learning in graphical models},
 year = {1998},
 pages = {301--354},
 location = {Erice, Italy},
 publisher = {Kluwer Academic Publishers},
 address = {Norwell, MA, USA},
 }

@inproceedings{Horvitz.reasoningabout,
  author = {Eric J. Horvitz},
  title = {Reasoning about Beliefs and Actions under Computational Resource Constraints},
  booktitle = {Proceedings of the 1987 Workshop on Uncertainty in Artificial Intelligence},
  year = {1987},
  pages = {429--444}
}


@inproceedings{Horvitz.proving,
    author = {Eric Horvitz and Adrian Klein},
    title = {Reasoning, Metareasoning, and Mathematical Truth: Studies of Theorem Proving under Limited Resources},
    booktitle = {Proceedings of UAI-95},
    year = {1995},
    pages = {306--314},
    publisher = {Morgan Kaufmann}
}

@inproceedings{Horvitz.bayesian,
    author = {Eric Horvitz and Yongshao Ruan and Carla Gomes and Henry Kautz and Bart Selman and Max Chickering},
    title = {A Bayesian Approach to Tackling Hard Computational Problems},
    booktitle = {Proceedings of UAI-01},
    year = {2001},
    pages = {235--244},
    publisher = {Morgan Kaufmann}
}
@book{Hromkovic.hard,
 author = {Hromkovic, Juraj},
 title = {Algorithmics for Hard Problems: Introduction to Combinatorial Optimization, Randomization, Approximation, and Heuristics},
 year = {2010},
 isbn = {3642079091, 9783642079092},
 publisher = {Springer-Verlag},
 address = {Berlin, Heidelberg},
}



@article{Hull.dataset,
 author = {Hull, J. J.},
 title = {A Database for Handwritten Text Recognition Research},
 journal = {IEEE Trans. Pattern Anal. Mach. Intell.},
 volume = {16},
 number = {5},
 year = {1994},
 issn = {0162-8828},
 pages = {550--554},
 doi = {http://dx.doi.org/10.1109/34.291440},
 publisher = {IEEE Computer Society},
 address = {Washington, DC, USA},
 }

@techreport{Hsu.dataset,
    author = {{Chih-Wei} Hsu, {Chih-Chung} Chang, and {Chih-Jen} Lin},
    title = {A Practical Guide to Support Vector Classification},
    institution = {},
    year = {2003}
}

@article{Johansson.s-curve,
  author = {Johansson,, J. K.},
  title = {Advertising and the S-Curve: A New Approach},
  journal = {Journal of Marketing Research},
  year = {1979},
  volume = {16},
  number = {3},
  month = {August},
  pages = {346-354}
}
  

@book{Johns.economics,
  author = {Johns,, K. E. and Fair,, R. C.},
  title = {Principles of Economics},
  publisher = {Prentice-Hall},
  year = {1999},
  edition = {5th}
}

@incollection{JordanWeiss.inference,
  author={Michael I. Jordan and Yair Weiss},
  title={Graphical models: probabilistic inference},
  booktitle={Handbook of Neural Networks and Brain Theory},
  edition={2nd},
  publisher={MIT Press},
  year={2002}
}

@inproceedings{Kask.solcount,
    author = {Kalev Kask and Rina Dechter and Vibhav Gogate},
    title = {Counting-Based Look-Ahead Schemes for Constraint Satisfaction},
    booktitle = {Proc. of 10th Int. Conf. on Constraint Programming (CP’04)},
    year = {2004},
    pages = {317--331}
}

@inproceedings{Kocsis.uct,
  author    = {Levente Kocsis and
               Csaba Szepesv{\'a}ri},
  title     = {Bandit Based Monte-Carlo Planning},
  booktitle = {ECML},
  year      = {2006},
  pages     = {282-293},
  ee        = {http://dx.doi.org/10.1007/11871842_29},
}

@article{Korf.rta,
 author = {Korf, Richard E.},
 title = {Real-time heuristic search},
 journal = {Artif. Intell.},
 volume = {42},
 number = {2-3},
 year = {1990},
 issn = {0004-3702},
 pages = {189--211},
 doi = {http://dx.doi.org/10.1016/0004-3702(90)90054-4},
 publisher = {Elsevier Science Publishers Ltd.},
 address = {Essex, UK},
 }


@inproceedings{Guestrin.graphical,
  author = {Krause,, Andreas and Guestrin,, Carlos},
  title = {Near-optimal Nonmyopic Value of Information in Graphical Models},
  booktitle = {Proceedings of the 21th Annual Conference on Uncertainty in Artificial Intelligence (UAI-05)},
  publisher = {AUAI Press},
  address = {Arlington, Virginia},
  year = {2005},
  pages = {324-33}
} 

@inproceedings{Guestrin.optimal,
    author = {Andreas Krause and Carlos Guestrin},
    title = {Optimal Nonmyopic Value of Information in Graphical Models --- Efficient Algorithms and Theoretical Limits},
    booktitle = {Proc. of IJCAI},
    year = {2005},
    pages = {1339--1345}
}

@inproceedings{Guestrin.submodular,
  author    = {Andreas Krause and Carlos Guestrin},
  title     = {Near-optimal Observation Selection using Submodular Functions},
  booktitle = {AAAI},
  year      = {2007},
  pages     = {1650-1654},
}

@book{Harrop.ocaml,
	author = {Harrop, Jon D.},
	citeulike-article-id = {5139379},
	publisher = {Flying Frog Consulting Ltd.},
	isbn = {9780FLYING118},
	keywords = {functional},
	month = {May},
	posted-at = {2009-07-13 20:35:08},
	priority = {2},
	title = {OCaml for Scientists},
	year = {2007}
}

@article{Hogg.phasetrans,
 author = {Hogg, Tad and Huberman, Bernardo A. and Williams, Colin P.},
 title = {Phase transitions and the search problem},
 journal = {Artif. Intell.},
 volume = {81},
 issue = {1-2},
 month = {March},
 year = {1996},
 issn = {0004-3702},
 pages = {1--15},
 numpages = {15},
 publisher = {Elsevier Science Publishers Ltd.},
 address = {Essex, UK},
 keywords = {constraint satisfaction, phase transitions, search},
} 


@article{Hoeffding.ineq,
     title = {Probability Inequalities for Sums of Bounded Random Variables},
     author = {Hoeffding, Wassily},
     journal = {Journal of the American Statistical Association},
     volume = {58},
     number = {301},
     jstor_formatteddate = {Mar., 1963},
     pages = {pp. 13-30},
     ISSN = {01621459},
     language = {English},
     year = {1963},
     publisher = {American Statistical Association},
     copyright = {1963 American Statistical Association},
}


@inproceedings{HorschHavens.pac,
  author    = {Michael C. Horsch and
               William S. Havens},
  title     = {Probabilistic Arc Consistency: A Connection between Constraint
               Reasoning and Probabilistic Reasoning},
  booktitle = {UAI},
  year      = {2000},
  pages     = {282-290}
}


@InProceedings{Hutter.mip,
  author =	 {F. Hutter and H.~H. Hoos and K. Leyton-Brown},
  title =	 {Automated Configuration of Mixed Integer Programming Solvers},
  booktitle = {Proc.~of CPAIOR-10},
  year =	 2010,
  note = {To appear.}
}

@inproceedings{Hutter.sat,
    author = {Frank Hutter and Youssef Hamadi and Holger H. Hoos and Kevin Leyton-Brown},
    title = {Performance prediction and automated tuning of randomized and parametric algorithms},
    booktitle = {Proc. of CP-06},
    year = {2006},
    pages = {213--228}
}

@INCOLLECTION{Hutter.spo,
  AUTHOR =       {F. Hutter and T. Bartz-Beielstein and H.H. Hoos and K. Leyton-Brown and K.P. Murphy},
  TITLE =        {Sequential Model-Based Parameter Optimisation: an Experimental Investigation of Automated and nteractive Approaches},
  BOOKTITLE =    {Empirical Methods for the Analysis of Optimization Algorithms},
  PUBLISHER =    {Springer},
  YEAR =         {2010},
  chapter =      {15},
  pages =        {361--411}
}

@ARTICLE{Leyton.paramils,
    author = {Frank Hutter and Holger H. Hoos and Kevin Leyton-Brown and Thomas St\"{u}tzle},
    title = {{ParamILS:} An Automatic Algorithm Configuration Framework},
  JOURNAL =      {Journal of Artificial Intelligence Research},
  YEAR =         {2009},
  volume =       {36},
  pages =        {267--306},
  month =        {October}
}

@inproceedings{Leyton.tbo,
  author =	 {F. Hutter and H.~H. Hoos and K. Leyton-Brown and K.~P. Murphy},
  title =	 {Time-Bounded Sequential Parameter Optimization},
  booktitle = {Proceedings of the Learning and Intelligent Optimization Conference (LION4)},
  year =	 2010,
  note = {To appear.}
}

@article{Iwata.submodular,
    author = {Satoru Iwata},
    title = {A Fully Combinatorial Algorithm for Submodular Function Minimization},
    journal = {J. Comb. Theory Ser. B},
    year = {2000},
    volume = {84},
    pages = {203--212}
}

@article{Larson.deliberation_equilibrium,
    author = {Kate Larson and Tuomas Sandholm and Tuomas S},
    title = {Bargaining with Limited Computation: Deliberation Equilibrium},
    journal = {Artificial Intelligence},
    year = {2001},
    volume = {132},
    pages = {183--217}
}

@inproceedings{Katz.optimal,
    author = {Michael Katz and Carmel Domshlak},
    title = {Optimal additive composition of abstraction-based admissible heuristics},
    booktitle = {ICAPS (this volume},
    year = {2008}
}

@book{Kleinberg.algorithms,
 author = {Kleinberg, Jon and Tardos, Eva},
 title = {Algorithm Design},
 year = {2005},
 isbn = {0321295358},
 publisher = {Addison-Wesley Longman Publishing Co., Inc.},
 address = {Boston, MA, USA},
 }

@techreport{Knuth.backtrack,
 author = {Knuth, Donald E.},
 title = {Estimating the efficiency of backtrack programs.},
 year = {1974},
 source = {http://www.ncstrl.org:8900/ncstrl/servlet/search?formname=detail\&id=oai%3Ancstrlh%3Astan%3ASTAN%2F%2FCS-TR-74-442},
 publisher = {Stanford University},
 address = {Stanford, CA, USA},
 }


@article{Krause.water,
author = {Andreas Krause and Jure Leskovec and Carlos Guestrin and Jeanne VanBriesen and Christos Faloutsos},
title = {Efficient Sensor Placement Optimization for Securing Large Water Distribution Networks},
journal = {Journal of Water Resources Planning and Management},
year = {2008},
volume = {134},
number = {6},
pages = {516-526},
month = {November},
wwwaward = {Winner of the Best Research Paper Award},
wwwtopic = {Sensing}
}

@article{Krautz.sat,
  author    = {Henry A. Kautz and
               Bart Selman},
  title     = {The state of {SAT}},
  journal   = {Discrete Applied Mathematics},
  volume    = {155},
  number    = {12},
  year      = {2007},
  pages     = {1514-1524},
  ee        = {http://dx.doi.org/10.1016/j.dam.2006.10.004},
  bibsource = {DBLP, http://dblp.uni-trier.de}
}


@article{Liao.sensor,
   author = {Liao, Wenhui and Ji, Qiang and Wallace, William A.},
   title = {Approximate nonmyopic sensor selection via submodularity and partitioning},
   journal = {Trans. Sys. Man Cyber. Part A},
   volume = {39},
   number = {4},
   year = {2009},
   issn = {1083-4427},
   pages = {782--794},
   doi = {http://dx.doi.org/10.1109/TSMCA.2009.2014168},
   publisher = {IEEE Press},
   address = {Piscataway, NJ, USA},
 }

@article{Liao.nonmyopic,
  author = {Liao,, Wenhui and Ji,, Qiang},
  title = {Efficient non-myopic value-of-information computation for influence diagrams},
  journal = {Int. J. Approx. Reasoning},
  volume = {49},
  number = {2},
  year = {2008},
  issn = {0888-613X},
  pages = {436--450},
  publisher = {Elsevier Science Inc.},
  address = {New York, NY, USA},
}


@phdthesis{Margaritis.phd,
  author = {D. Margaritis},
  title = {Learning Bayesian Network Model Structure from Data},
  school = {School of Computer Science, Carnegie-Mellon University},
  address = {Pittsburgh, PA},
  month = {May},
  year = {2003},
  note = {Available as Technical Report CMU-CS-03-153}
}

@inproceedings{MaurerPontil.benrstein,
  author    = {Andreas Maurer and
               Massimiliano Pontil},
  title     = {Empirical Bernstein Bounds and Sample-Variance Penalization},
  booktitle = {COLT},
  year      = {2009},
  ee        = {http://www.cs.mcgill.ca/$\sim$colt2009/papers/012.pdf\#page=1},
}

@inproceedings{Mnih.bernstop,
 author = {Mnih, Volodymyr and Szepesv\'{a}ri, Csaba and Audibert, Jean-Yves},
 title = {Empirical Bernstein stopping},
 booktitle = {Proceedings of the 25th international conference on Machine learning},
 series = {ICML '08},
 year = {2008},
 isbn = {978-1-60558-205-4},
 location = {Helsinki, Finland},
 pages = {672--679},
 numpages = {8},
 publisher = {ACM},
 address = {New York, NY, USA},
} 

@inproceedings{Ansotegui.sudoku,
    author = {Carlos Ans\'otegui and Ram\'on B\'ejar and C\'esar Fern\`andez and Carla Gomes and Carles Mateu},
    title = {The impact of balancing on problem hardness in a highly structured domain},
    booktitle = {Proc. of 9th Int. Conf. on Theory and Applications of Satisfiability Testing (SAT ’06)},
    year = {2006}
}

@article{MonmaSidney.sequencing,
  author    = {Clyde L. Monma and Jeffrey B. Sidney},
  title     = {Sequencing with Series-Parallel Precedence Constraints} ,
  journal   = {Mathematics of Operations Research},
  volume    = {4},
  number    = {3},
  year      = {1979},
  month     = {August},
  pages     = {215-224}
}

@inproceedings{PadulaGumbertLi.aerospace,
  author = {Padula, Sharon and Gumbert, Clyde and Li, Wu},
  title = {Aerospace Applications of Optimization under Uncertainty},
  booktitle = {ISUMA '03: Proceedings of the 4th International Symposium on Uncertainty Modelling and Analysis},
  year = {2003},
  isbn = {0-7695-1997-0},
  pages = {286},
  publisher = {IEEE Computer Society},
  address = {Washington, DC, USA},
  }

@book{MacKay.itp,
  author =   "David J. C. MacKay",
  title =    "Information Theory, Inference, and Learning Algorithms",
  note =   "Available from {\tt{http://www.inference.phy.cam.ac.uk/mackay/itila/}}",
publisher={Cambridge University Press},
 url="http://www.cambridge.org/0521642981",
  year =   {2003}
}

@inproceedings{Meisels.solcount,
    author = {Amnon Meisels and Solomon Eyal Shimony and Gadi Solotorevsky},
    title = {Bayes Networks for Estimating the Number of Solutions to a {CSP}},
    booktitle = {Proc. of the 14th National Conference on AI},
    year = {1997},
    pages = {179--184}
}

@book{Pearl.PRIS,
  author = {Pearl,, Judea},
  title = {Probabilistic reasoning in intelligent systems: networks of plausible inference},
  year = {1988},
  isbn = {0-934613-73-7},
  publisher = {Morgan Kaufmann Publishers Inc.},
  address = {San Francisco, CA, USA},
}

@inproceedings{Radovilsky.oss,
  author    = {Yan Radovilsky and
  Solomon Eyal Shimony},
  title     = {Observation Subset Selection as Local Compilation of Performance
  Profiles},
  booktitle = {UAI},
  year      = {2008},
  pages     = {460-467},
}

@inproceedings{Refalo.impact,
  author    = {Philippe Refalo},
  title     = {Impact-Based Search Strategies for Constraint Programming},
  booktitle = {CP},
  year      = {2004},
  pages     = {557-571},
  publisher = {Springer}
}


@article{Rish.adaptive,
	author = {Rish, I. and Brodie, M. and Ma, Sheng and Odintsova, N. and Beygelzimer, A. and Grabarnik, G. and Hernandez, K.},
	journal = {Neural Networks, IEEE Transactions on},
	keywords = {active-learning, belief-propagation},
	number = {5},
	pages = {1088--1109},
	posted-at = {2007-04-24 21:22:31},
	priority = {2},
	title = {Adaptive diagnosis in distributed systems},
	url = {http://dx.doi.org/10.1109/TNN.2005.853423},
	volume = {16},
	year = {2005}
}
@inproceedings{Rish.efficient,
  author    = {Alice X. Zheng and
               Irina Rish and
               Alina Beygelzimer},
  title     = {Efficient Test Selection in Active Diagnosis via Entropy
               Approximation},
  booktitle = {UAI},
  year      = {2005},
  pages     = {675-682},
  ee        = {http://uai.sis.pitt.edu/displayArticleDetails.jsp?mmnu=1{\&}smnu=2{\&}article_id=1211{\&}proceeding_id=21},
}


@book{Russell.aima,
  author = {Russell, Stuart J. and Norvig, Peter},
  isbn = {0137903952},
  keywords = {ai, books},
  posted-at = {2006-08-09 11:54:13},
  publisher = {Pearson Education},
  title = {Artificial Intelligence: A Modern Approach},
  url = {http://portal.acm.org/citation.cfm?id=773294},
  year = {2003}
}

@book{Russell.right,
  author = {Russell,, Stuart and Wefald,, Eric},
  title = {Do the right thing: studies in limited rationality},
  year = {1991},
  isbn = {0-262-18144-4},
  publisher = {MIT Press},
  address = {Cambridge, MA, USA},
}

@article{Russell.bounded,
  author = {Stuart J. Russell and Devika Subramanian},
  title = {Provably bounded-optimal agents},
  journal = {Journal of Artificial Intelligence Research},
  year = {1995},
  volume = {2},
  pages = {575-609}
}

@inproceedings{Russell.gametree,
  author    = {Stuart J. Russell and
               Eric Wefald},
  title     = {On Optimal Game-Tree Search using Rational Meta-Reasoning},
  booktitle = {Proc. of IJCAI},
  year      = {1989},
  pages     = {334-340},
  bibsource = {DBLP, http://dblp.uni-trier.de}
}

@inproceedings{Sabin.mac,
    author = {Daniel Sabin and Eugene C. Freuder},
    title = {Understanding and Improving the {MAC} Algorithm},
    booktitle = {3rd Int. Conf. on Principles and Practice of Constraint Programming, LNCS 1330},
    year = {1997},
    pages = {167--181},
    publisher = {Springer}
}

@article{Sahinidis2004,
  author = {Sahinidis, Nikolaos V.},
  journal = {Computers and Chemical Engineering},
  keywords = {qoi},
  pages = {971--983},
  posted-at = {2009-05-29 02:41:38},
  priority = {0},
  title = {Optimization under uncertainty: State-of-the-art and opportunities},
  url = {http://citeseerx.ist.psu.edu/viewdoc/summary?doi=10.1.1.93.7597},
  volume = {28},
  year = {2004}
}

@book{Simon.mms,
  author = {Simon, H. A.},
  citeulike-article-id = {992558},
  keywords = {bibtex-import},
  posted-at = {2006-12-13 15:03:44},
  priority = {2},
  publisher = {Wiley},
  title = {{Models of man: social and rational: mathematical essays on rational human behavior in a social setting}},
  year = {1957}
}

@book{Spirtes.causation,
    address = {Cambridge, MA, USA},
    author = {Spirtes, Peter and Glymour, Clark and Scheines, Richard},
    day = {08},
    edition = {Second},
    howpublished = {Hardcover},
    isbn = {0262194406},
    keywords = {graphical-models, learning},
    month = {January},
    posted-at = {2008-08-13 17:50:21},
    priority = {0},
    publisher = {The MIT Press},
    title = {Causation, Prediction, and Search},
    year = {2001}
}

@article{Sprott.dde,
  author={Sprott,J. C.},
  journal={Physics Letters A},
  year={2007},
  volume={366},
  number={4--5},
  pages={397--402},
  title={A simple chaotic delay differential equation}
}

@article{TolpinShimony.doingbetter,
  author    = {David Tolpin and Solomon Eyal Shimony},
  title     = {Doing Better Than UCT: Rational Monte Carlo Sampling in Trees},
  journal   = {CoRR},
  volume    = {abs/1108.3711},
  year      = {2011},
  ee        = {http://arxiv.org/abs/1108.3711},
  bibsource = {DBLP, http://dblp.uni-trier.de}
}

@inproceedings{TolpinShimony.raticomp,
  author    = {David Tolpin and
               Solomon Eyal Shimony},
  title     = {Rational Value of Information Estimation for Measurement
               Selection},
  booktitle   = {URPDM},
  year      = {2010}
}

@techreport{TolpinShimony.blinkered,
  author={David Tolpin and Solomon Eyal Shimony},
  title={Semi-myopic Measurement Selection for Optimization under Uncertainty},
  institution={Lynne and William Frankel Center for Computer Science at Ben Gurion University of the Negev, Israel},
  year={2010},
  number={10-01}
}

@book{Tsang.csp,
    author = {Edward Tsang},
    title = {Foundations of Constraint Satisfaction},
    isbn = {0-12-701610-4},
    publisher = {Academic Press},
    address = {London and San Diego},
    year = {1993}
}

@book{Simon.mms,
  author = {Simon, H. A.},
  citeulike-article-id = {992558},
  keywords = {bibtex-import},
  posted-at = {2006-12-13 15:03:44},
  priority = {2},
  publisher = {Wiley},
  title = {{Models of man: social and rational: mathematical essays on rational human behavior in a social setting}},
  year = {1957}
}


  
@inproceedings{Vermorel.bandits,
  author    = {Joann{\`e}s Vermorel and Mehryar Mohri},
  title     = {Multi-armed Bandit Algorithms and Empirical Evaluation},
  booktitle = {ECML},
  year      = {2005},
  pages     = {437-448},
}

@inproceedings{Wallace.macheur,
    author = {Richard J. Wallace and Eugene C. Freuder},
    title = {Ordering Heuristics for Arc Consistency Algorithms},
    booktitle = {AI/GI/VI ’92},
    year = {1992},
    pages = {163--169}
}

@article{ WeissFreeman.correctness,
    author = "Yair Weiss and William T. Freeman",
    title = "Correctness of Belief Propagation in Gaussian Graphical Models of Arbitrary Topology",
    journal = "Neural Computation",
    volume = "13",
    number = "10",
    pages = "2173--2200",
    year = "2001",
    url = "citeseer.ist.psu.edu/weiss99correctness.html"
}

@misc{ Wikipedia.Bayesian_inference,
  author = "Wikipedia",
  title = "Bayesian inference---{W}ikipedia{,} {T}he {F}ree {E}ncyclopedia",
  url = "\url{http://en.wikipedia.org/wiki/Bayesian_inference}",
  year=2009,
  note="[Online; accessed 9-July-2009]"
}

@misc{ Wikipedia.Bayesian_network,
  author = "Wikipedia",
  title = "Bayesian network---{W}ikipedia{,} {T}he {F}ree {E}ncyclopedia",
  url = "\url{http://en.wikipedia.org/wiki/Bayesian_network}",
  year=2009,
  note="[Online; accessed 9-July-2009]"
}

@misc{ Wikipedia.Belief_propagation,
  author = "Wikipedia",
  title = "Belief propagation---{W}ikipedia{,} {T}he {F}ree {E}ncyclopedia",
  url = "\url{http://en.wikipedia.org/wiki/Belief_propagation}",
  year=2009,
  note="[Online; accessed 9-July-2009]"
}

@misc{Wikipedia.Concave_function,
  author = "Wikipedia",
  title = "Concave function---{W}ikipedia{,} {T}he {F}ree {E}ncyclopedia",
  url = "\url{http://en.wikipedia.org/wiki/Concave_function}",
  year=2009,
  note="[Online; accessed 22-July-2009]"
}


@misc{Wikipedia.Graphical_model,
  author = "Wikipedia",
  title = "Graphical model---{W}ikipedia{,} {T}he {F}ree {E}ncyclopedia",
  url = "\url{http://en.wikipedia.org/wiki/Graphical_model}",
  year=2009,
  note="[Online; accessed 9-July-2009]"
}

@misc{Wikipedia.Himmelblau_function,
  author = "Wikipedia",
  title = "Himmelblau's function---{W}ikipedia{,} {T}he {F}ree {E}ncyclopedia",
  url = "\url{http://en.wikipedia.org/wiki/Himmelblau's_function}",
  year=2009,
  note="[Online; accessed 9-July-2009]"
}

@misc{Wikipedia.Knapsack_problem,
  author = "Wikipedia",
  title = "Knapsack problem---{W}ikipedia{,} {T}he {F}ree {E}ncyclopedia",
  url = "\url{http://en.wikipedia.org/wiki/Knapsack_problem}",
  year=2009,
  note="[Online; accessed 18-Aug-2009]"
}


@misc{Wikipedia.Markov_random_field,
  author = "Wikipedia",
  title = "Markov random field---{W}ikipedia{,} {T}he {F}ree {E}ncyclopedia",
  url = "\url{http://en.wikipedia.org/wiki/Markov_random_field}",
  year=2009,
  note="[Online; accessed 9-July-2009]"
}

@misc{Wikipedia.Multi-armed_bandit,
  author = "Wikipedia",
  title = "Multi-armed bandit--{W}ikipedia{,} {T}he {F}ree {E}ncyclopedia",
  url = "\url{http://en.wikipedia.org/wiki/Multi-armed_bandit}",
  year=2009,
  note="[Online; accessed 3-September-2009]"
}

﻿@incollection {Wolf.scheduling,
   author = {Wolf, Armin},
   affiliation = {Fraunhofer FIRST, Kekul\'estraße 7, D-12489 Berlin Germany},
   title = {Reduce-To-The-Opt – A Specialized Search Algorithm for Contiguous Task Scheduling},
   booktitle = {Recent Advances in Constraints},
   series = {Lecture Notes in Computer Science},
   editor = {Apt, Krzysztof R. and Fages, François and Rossi, Francesca and Szeredi, Péter and Váncza, Josef},
   publisher = {Springer Berlin / Heidelberg},
   isbn = {},
   pages = {223--232},
   volume = {3010},
   year = {2004}
}

@article{Xu.rb,
    author = {Ke Xu and Wei Li},
    title = {Exact Phase Transitions in Random Constraint Satisfaction Problems},
    journal = {Journal of Artificial Intelligence Research},
    year = {2000},
    volume = {12},
    pages = {93--103}
}

@inproceedings{Zhou.clustering,
    author = {Xiaobo Zhou and Xiaodong Wang and Edward R. Dougherty},
    title = {Construction of Genomic Networks Using Mutual-Information Clustering and Reversible-Jump {MCMC} Predictor Design},
    booktitle = {Signal Processing},
    year = {2003},
    pages = {745--761}
}

@phdthesis{Zilberstein.PHD,
  author = {Zilberstein,, Shlomo},
  title = {Operational Rationality through Compilation of Anytime Algorithms},
  school = {University of California at Berkeley},
  year = {1993},
  address = {Berkeley, CA, USA},
}


@article{Zilberstein.sensing,
  author  = {Zilberstein,, Shlomo},
  title = {Resource-bounded sensing and planning in autonomous systems},
  journal = {Autonomous Robots},
  year = {1996},
  volume = {3},
  pages = {31--48},
  publisher = {MIT Press},
}
  
@book{Zimmermann.fuzzy,
  author="Zimmermann, H.J.",
  title="Fuzzy Set Theory and its applications",
  publisher="Kluwer Academic, Dordrecht",
  year=1991
}
